@book{dehornoy2017th√©orie,
  title={La th{\'e}orie des ensembles: introduction {\`a} une th{\'e}orie de l'infini et des grands cardinaux},
  author={Dehornoy, P.},
  isbn={9782916352404},
  series={Tableau noir},
  url={http://www.calvage-et-mounet.fr/2022/05/09/la-theorie-des-ensembles},
  year={2017},
  publisher={Calvage \& Mounet}
}
@book{aigner2018proofs,
  title={Proofs from THE BOOK},
  author={Aigner, M. and Hofmann, K.H. and Ziegler, G.M.},
  isbn={9783662572658},
  url={https://link.springer.com/book/10.1007/978-3-662-57265-8},
  year={2018},
  publisher={Springer Berlin Heidelberg}
}
@article{peano1890curve,
author = {Peano, G.},
journal = {Mathematische Annalen},
keywords = {Peano curve; area-filling curve},
pages = {157-160},
title = {Sur une courbe, qui remplit toute une aire plane},
url = {https://doi.org/10.1007/BF01905689},
volume = {36},
year = {1890},
}
@book{halmos1960naive,
  title={Naive Set Theory},
  author={Halmos, P.R.},
  isbn={9783540900924},
  lccn={74010687},
  series={Undergraduate texts in mathematics},
  url={https://books.google.com/books?id=-e1LAAAAMAAJ},
  year={1960},
  publisher={Van Nostrand}
}
@book{tao2014analysis,
  title={Analysis I},
  author={Tao, T.},
  series={Texts and readings in mathematics},
  url={https://terrytao.wordpress.com/books/analysis-i},
  year={2014},
  publisher={Hindustan Book Agency}
}
@book{dumoncel2002philosophie,
  title={Philosophie des math{\'e}matiques},
  author={Dumoncel, J.C.},
  isbn={9782729808907},
  series={Philo (Collection) (Ellipses (Firme))},
  url={https://books.google.fr/books?id=sEKGAAAACAAJ},
  year={2002},
  publisher={Ellipses}
}
@webpage{gowers2010ordinals,
  title={A beginner's guide to countable ordinals},
  author={Gowers, W.T.}, 
  url={https://www.dpmms.cam.ac.uk/~wtg10/ordinals.html#infplusone}
}

